C:/Users/Daniel/OneDrive - Universit√§t Augsburg/Zotero/Meine Bibliothek.bib